<record xmlns="http://www.loc.gov/MARC21/slim" xmlns:xsi="http://www.w3.org/2001/XMLSchema-instance" xsi:schemaLocation="http://www.loc.gov/MARC21/slim http://www.loc.gov/standards/marcxml/schema/MARC21slim.xsd"><leader>02773nam a2200481   4500</leader><controlfield tag="001">1682378</controlfield><controlfield tag="003">NNC</controlfield><controlfield tag="006">m        d        </controlfield><controlfield tag="007">cr cn |||m|||a</controlfield><controlfield tag="008">150110s1969    iq      ob    000 0 araod</controlfield><datafield ind1=" " ind2=" " tag="040"><subfield code="a">NNU</subfield><subfield code="b">eng</subfield><subfield code="e">rda</subfield><subfield code="c">NNU</subfield></datafield><datafield ind1=" " ind2=" " tag="043"><subfield code="a">a-iq---</subfield></datafield><datafield ind1=" " ind2="4" tag="050"><subfield code="a">PN5449.I7</subfield><subfield code="b">T5</subfield></datafield><datafield ind1="1" ind2=" " tag="100"><subfield code="6">880-01</subfield><subfield code="a">Tikri&#772;ti&#772;, Muni&#772;r Bakr.</subfield></datafield><datafield ind1="1" ind2="3" tag="245"><subfield code="6">880-02</subfield><subfield code="a">al-S&#803;ih&#803;a&#772;fah al-&#699;Ira&#772;qi&#772;yah wa-ittija&#772;ha&#772;tiha&#772; al-siya&#772;si&#772;yah wa-al-ijtima&#772;&#699;i&#772;yah wa-al-thaqa&#772;fi&#772;yah min, 1869-1921 /</subfield><subfield code="c">ta&#700;li&#772;f Muni&#772;r Bakr al-Tikri&#772;ti&#772;.</subfield></datafield><datafield ind1="3" ind2=" " tag="246"><subfield code="6">880-03</subfield><subfield code="a">S&#803;ih&#803;a&#772;fah al-&#699;Ira&#772;qi&#772;yah wa-ittija&#772;ha&#772;tuha&#772; al-siya&#772;si&#772;yah wa-al-ijtima&#772;&#699;i&#772;yah wa-al-thaqa&#772;fi&#772;yah min, 1869-1921</subfield></datafield><datafield ind1="3" ind2=" " tag="246"><subfield code="a">Journalism in Iraq</subfield></datafield><datafield ind1=" " ind2=" " tag="260"><subfield code="6">880-04</subfield><subfield code="a">Baghda&#772;d :</subfield><subfield code="b">Mat&#803;ba&#699;at al-Irsha&#772;d,</subfield><subfield code="c">1969.</subfield></datafield><datafield ind1=" " ind2=" " tag="300"><subfield code="a">online resource (312 pages)</subfield></datafield><datafield ind1=" " ind2=" " tag="336"><subfield code="a">text</subfield><subfield code="2">rdacontent</subfield></datafield><datafield ind1=" " ind2=" " tag="337"><subfield code="a">computer</subfield><subfield code="2">rdamedia</subfield></datafield><datafield ind1=" " ind2=" " tag="338"><subfield code="a">online resource</subfield><subfield code="2">rdacarrier</subfield></datafield><datafield ind1=" " ind2=" " tag="500"><subfield code="a">Added cover title: Journalism in Iraq.</subfield></datafield><datafield ind1=" " ind2=" " tag="500"><subfield code="a">Part of the Arabic Collections Online (ACO) project, contributed by Columbia University Libraries.</subfield></datafield><datafield ind1=" " ind2=" " tag="504"><subfield code="a">Includes bibliographical references (pages 307-311).</subfield></datafield><datafield ind1=" " ind2=" " tag="533"><subfield code="a">Electronic reproduction.</subfield><subfield code="b">New York, N.Y. :</subfield><subfield code="c">New York University,</subfield><subfield code="d">2015.</subfield><subfield code="5">NNU</subfield></datafield><datafield ind1=" " ind2="0" tag="650"><subfield code="a">Press</subfield><subfield code="z">Iraq</subfield><subfield code="x">History.</subfield></datafield><datafield ind1=" " ind2="0" tag="650"><subfield code="a">Journalism</subfield><subfield code="z">Iraq.</subfield></datafield><datafield ind1=" " ind2="7" tag="650"><subfield code="a">Journalism.</subfield><subfield code="2">fast</subfield><subfield code="0">(OCoLC)fst00984032</subfield></datafield><datafield ind1=" " ind2="7" tag="650"><subfield code="a">Press.</subfield><subfield code="2">fast</subfield><subfield code="0">(OCoLC)fst01075837</subfield></datafield><datafield ind1=" " ind2="7" tag="651"><subfield code="a">Iraq.</subfield><subfield code="2">fast</subfield><subfield code="0">(OCoLC)fst01205757</subfield></datafield><datafield ind1=" " ind2="7" tag="655"><subfield code="a">History.</subfield><subfield code="2">fast</subfield><subfield code="0">(OCoLC)fst01411628</subfield></datafield><datafield ind1="2" ind2=" " tag="710"><subfield code="a">Columbia University.</subfield><subfield code="b">Libraries.</subfield></datafield><datafield ind1="0" ind2=" " tag="730"><subfield code="a">Arabic Collections Online.</subfield></datafield><datafield ind1="0" ind2="8" tag="776"><subfield code="i">Online version:</subfield><subfield code="a">Tikri&#772;ti&#772;, Muni&#772;r Bakr.</subfield><subfield code="t">S&#803;ih&#803;a&#772;fatu al-&#699;Ira&#772;qi&#772;yah wa-ittija&#772;ha&#772;tiha&#772; al-siya&#772;si&#772;yah wa-al-ijtima&#772;&#699;i&#772;yah wa-al-thaqa&#772;fi&#772;yah min, 1869-1921.</subfield><subfield code="d">Baghda&#772;d : Mat&#803;ba&#699;at al-Irsha&#772;d, 1969</subfield><subfield code="w">(OCoLC)612542748</subfield></datafield><datafield ind1="0" ind2="8" tag="776"><subfield code="i">Print version:</subfield><subfield code="a">Tikri&#772;ti&#772;, Muni&#772;r Bakr.</subfield><subfield code="t">al-S&#803;ih&#803;a&#772;fah al-&#699;Ira&#772;qi&#772;yah wa-ittija&#772;ha&#772;tiha&#772; al-siya&#772;si&#772;yah wa-al-ijtima&#772;&#699;i&#772;yah wa-al-thaqa&#772;fi&#772;yah min, 1869-1921</subfield><subfield code="w">(NNC)1682378</subfield><subfield code="w">(DLC)  71238011 </subfield><subfield code="w">(OCoLC)10400899</subfield></datafield><datafield ind1="4" ind2="0" tag="856"><subfield code="u">http://hdl.handle.net/2333.1/j9kd537r</subfield></datafield><datafield ind1="1" ind2=" " tag="880"><subfield code="6">100-01</subfield><subfield code="a">&#1578;&#1705;&#1585;&#1610;&#1578;&#1610;&#1548; &#1605;&#1606;&#1610;&#1585; &#1576;&#1705;&#1585;.</subfield></datafield><datafield ind1="1" ind2="2" tag="880"><subfield code="6">245-02</subfield><subfield code="a">&#1575;&#1604;&#1589;&#1581;&#1575;&#1601;&#1577; &#1575;&#1604;&#1593;&#1585;&#1575;&#1602;&#1610;&#1577; &#1608;&#1575;&#1578;&#1580;&#1575;&#1607;&#1575;&#1578;&#1607;&#1575;&#1575;&#1604;&#1587;&#1610;&#1575;&#1587;&#1610;&#1577; &#1608;&#1575;&#1604;&#1575;&#1580;&#1578;&#1605;&#1575;&#1593;&#1610;&#1577; &#1608;&#1575;&#1604;&#1579;&#1602;&#1575;&#1601;&#1610;&#1577; &#1605;&#1606; &#1633;&#1640;&#1638;&#1641;&#1605;-&#1633;&#1641;&#1634;&#1633;&#1605; /</subfield><subfield code="c">&#1578;&#1571;&#1604;&#1610;&#1601; &#1605;&#1606;&#1610;&#1585; &#1576;&#1705;&#1585; &#1575;&#1604;&#1578;&#1705;&#1585;&#1610;&#1578;&#1610;.</subfield></datafield><datafield ind1="3" ind2=" " tag="880"><subfield code="6">246-03</subfield><subfield code="a">&#1589;&#1581;&#1575;&#1601;&#1577; &#1575;&#1604;&#1593;&#1585;&#1575;&#1602;&#1610;&#1577; &#1608;&#1575;&#1578;&#1580;&#1575;&#1607;&#1575;&#1578;&#1607;&#1575; &#1575;&#1604;&#1587;&#1610;&#1575;&#1587;&#1610;&#1577; &#1608;&#1575;&#1604;&#1575;&#1580;&#1578;&#1605;&#1575;&#1593;&#1610;&#1577; &#1608;&#1575;&#1604;&#1579;&#1602;&#1575;&#1601;&#1610;&#1577; &#1605;&#1606;&#1548; 1869-1921</subfield></datafield><datafield ind1=" " ind2=" " tag="880"><subfield code="6">260-04</subfield><subfield code="a">&#1576;&#1594;&#1583;&#1575;&#1583; :</subfield><subfield code="b">&#1605;&#1591;&#1576;&#1593;&#1577; &#1575;&#1604;&#1573;&#1585;&#1588;&#1575;&#1583;&#1548;</subfield><subfield code="c">&#1633;&#1641;&#1638;&#1641;.</subfield></datafield><datafield ind1=" " ind2=" " tag="959"><subfield code="a">NNU</subfield><subfield code="b">WEB</subfield><subfield code="c">GENI</subfield><subfield code="t">0</subfield><subfield code="m">Electronic access</subfield><subfield code="s">01</subfield></datafield><datafield ind1=" " ind2=" " tag="999"><subfield code="i">NNC_1682378</subfield><subfield code="o">(OCoLC)10400899</subfield><subfield code="e">OK</subfield></datafield></record>